
@article{winemiller_life_2002,
  title={Life history strategies, population dynamics, and consequences for supplemental stocking of tarpon},
  author={Winemiller, K.O. and Dailey, W.H.},
  journal={Contributions in marine science},
  volume={35},
  pages={81--94},
  year={2002},
  publisher={Port Aransas Marine Laboratory, University of Texas Marine Science Institute.}
}

@Book{akcakaya_ramas_2002,
  author = 	 {HR Ak{\c c}akaya},
  title = 	 {RAMAS GIS. Applied Biomathematics, Setauket, N.Y.},
  publisher = 	 {Applied Biomathematics, Setauket, N.Y},
  year = 	 {2002}
}


@article{kaye_effect_2003,
  title={The effect of stochastic technique on estimates of population viability from transition matrix models},
  author={Kaye, T.N. and Pyke, D.A.},
  journal={Ecology},
  volume={84},
  number={6},
  pages={1464--1476},
  year={2003},
  publisher={Eco Soc America}
}

@article{frederiksen_demographic_2008,
  title={The demographic impact of extreme events: stochastic weather drives survival and population dynamics in a long-lived seabird},
  author={Frederiksen, M. and Daunt, F. and Harris, M.P. and Wanless, S.},
  journal={Journal of Animal Ecology},
  volume={77},
  number={5},
  pages={1020--1029},
  year={2008},
  publisher={Wiley Online Library}
}

@article{samaranayaka_modelling_2010,
  title={Modelling environmental stochasticity in adult survival for a long-lived species},
  author={Samaranayaka, A. and Fletcher, D.},
  journal={Ecological Modelling},
  volume={221},
  number={3},
  pages={423--427},
  year={2010},
  publisher={Elsevier}
}

@Book{		  caswell_matrix_2001,
  title		= "Matrix population models: construction, analysis, and
		  interpretation",
  publisher	= "Sinauer Associates",
  year		= "2001",
  author	= "Hal Caswell",
  address	= "Sunderland, Massachusetts, USA"
}

@article{pfister_patterns_1998,
  title={Patterns of variance in stage-structured populations: evolutionary predictions and ecological implications},
  author={Pfister, C.A.},
  journal={Proceedings of the National Academy of Sciences},
  volume={95},
  number={1},
  pages={213},
  year={1998},
  publisher={National Acad Sciences}
}

@article{lewontin_population_1969,
	title = {On population growth in a randomly varying environment},
	volume = {62},
	lccn = {0334},
	number = {4},
	journal = {Proceedings of the National Academy of Sciences},
	author = {Lewontin, {R.C.} and Cohen, D.},
	year = {1969},
	pages = {1056--1060}
}

@article{white_program_1999,
  title={Program MARK: survival estimation from populations of marked animals},
  author={White, G.C. and Burnham, K.P.},
  journal={Bird study},
  volume={46},
  number={S1},
  pages={120--139},
  year={1999},
  publisher={Taylor \& Francis}
}

@incollection {schmutz_stochastic_2009,
   author = {Schmutz, Joel A.},
   title = {Stochastic Variation in Avian Survival Rates: Life-History Predictions, Population Consequences, and the Potential Responses to Human Perturbations and Climate Change},
   booktitle = {Modeling Demographic Processes In Marked Populations},
   series = {Environmental and Ecological Statistics},
   editor = {Thomson, David L and Cooch, Evan G. and Conroy, Michael J. and Patil, G. P.},
   publisher = {Springer US},
   isbn = {978-0-387-78151-8},
   keyword = {Statistics},
   pages = {441-461},
   volume = {3},
   year = {2009}
}


@article{drake_population_2005,
	title = {Population effects of increased climate variation},
	volume = {272},
	lccn = {0027},
	url = {http://rspb.royalsocietypublishing.org/content/272/1574/1823.abstract},
	doi = {10.1098/rspb.2005.3148},
	number = {1574},
	journal = {Proceedings of the Royal Society B: Biological Sciences},
	author = {Drake, John M},
	year = {2005},
	pages = {1823 --1827}
}